<?xml version="1.0" encoding="UTF-8"?><collection xmlns="http://www.loc.gov/MARC21/slim"><record><leader>00318nam--2200133-i-4500</leader><controlfield tag="001">000020577</controlfield><controlfield tag="002">20161230</controlfield><controlfield tag="005">20161230201033</controlfield><controlfield tag="008">060222s1000------------r-----000-0-eng-d</controlfield><datafield ind1=" " ind2=" " tag="080"><subfield code="a">524</subfield></datafield><datafield ind1=" " ind2=" " tag="100"><subfield code="a">Terebij, V.Iu</subfield></datafield><datafield ind1=" " ind2=" " tag="245"><subfield code="a">Analiz vremennih riadov v astrofizike</subfield></datafield><datafield ind1=" " ind2=" " tag="260"><subfield code="a">Moskva, Nauka, 1992. 368 P</subfield></datafield><datafield ind1=" " ind2=" " tag="852"><subfield code="a">80446</subfield></datafield></record></collection>